@inbook{Luenberger1979,
    author      = "Luenberger, David G.",
    title       = "{Introduction to Dynamic Systems}",
    publisher   = "John Wiley \& Sons",
    year        = 1979,
    pages       = {224--253},
    note        = "{Chapter 7}",
    ISBN        = "978-0-471-02594-8"
}

@inbook{Cassandras-Lafortune2008,
    author      = "Cassandras, Christos G. and Lafortune, St√©phane",
    title       = "{Introduction to Discrete Event Systems}",
    publisher   = "Springer",
    year        = 2008,
    edition     = 2,
    pages       = {369--428},
    note        = "{Chapter 7}",
    ISBN        = "978-0-387-68612-7"
}

@incollection{MEDHI2003,
    doi         = {10.1016/b978-012487462-6/50001-1},
    url         = {https://doi.org/10.1016/b978-012487462-6/50001-1},
    year        = {2003},
    publisher   = {Elsevier},
    pages       = {1--46},
    author      = {J. Medhi},
    title       = "{Stochastic Processes}",
    booktitle   = "{Stochastic Models in Queueing Theory}"
}

@article{Geyer1992,
    doi         = {10.1214/ss/1177011137},
    url         = {https://doi.org/10.1214/ss/1177011137},
    year        = {1992},
    month       = nov,
    publisher   = "{Institute of Mathematical Statistics}",
    volume      = {7},
    number      = {4},
    author      = {Charles J. Geyer},
    title       = "{Practical Markov Chain Monte Carlo}",
    journal     = "{Statistical Science}"
}

@misc{amelio, 
    title       = "{"MCMC methods - burning samples?"}", 
    url         = {https://stats.stackexchange.com/questions/88819/mcmc-methods-burning-samples}, 
    journal     = "{Cross Validated}", 
    author      = {Amelio Vazquez and Matt KrauseMatt and Eric PetersonEric}, 
    year        = {2015}, 
    month       = {Apr}
} 

 @misc{caflisch_2008, 
 title          = "{Monte Carlo and quasi-monte Carlo methods: Acta Numerica}", 
 url            = {https://www.cambridge.org/core/journals/acta-numerica/article/abs/monte-carlo-and-quasimonte-carlo-methods/FE7C779B350CFEA45DB2A4CCB2DA9B5C}, 
 journal        = {Cambridge Core}, 
 publisher      = {Cambridge University Press}, 
 author         = {Caflisch, Russel E.}, 
 year           = {2008}, 
 month          = {Nov}
} 